<record><leader>02687cam a2200421 i 4500</leader><controlfield tag="001">6713422</controlfield><controlfield tag="003">OCoLC</controlfield><controlfield tag="005">20141028155238.0</controlfield><controlfield tag="008">131106t20152015maua          000 0 eng  </controlfield><datafield ind1=" " ind2=" " tag="010"><subfield code="a">  2013044683</subfield></datafield><datafield ind1="7" ind2=" " tag="016"><subfield code="a">101619767</subfield><subfield code="2">DNLM</subfield></datafield><datafield ind1=" " ind2=" " tag="020"><subfield code="a">9780321918383</subfield></datafield><datafield ind1=" " ind2=" " tag="020"><subfield code="a">032191838X</subfield></datafield><datafield ind1=" " ind2=" " tag="020"><subfield code="a">9780321918550</subfield></datafield><datafield ind1=" " ind2=" " tag="020"><subfield code="a">032191855X</subfield></datafield><datafield ind1=" " ind2=" " tag="040"><subfield code="a">DNLM/DLC</subfield><subfield code="b">eng</subfield><subfield code="e">rda</subfield><subfield code="c">DLC</subfield><subfield code="d">BTCTA</subfield><subfield code="d">YDXCP</subfield><subfield code="d">BDX</subfield><subfield code="d">NLM</subfield><subfield code="d">ICH</subfield><subfield code="d">CUS</subfield><subfield code="d">UAB</subfield><subfield code="d">OHS</subfield><subfield code="d">OCLCF</subfield><subfield code="d">AEU</subfield></datafield><datafield ind1=" " ind2=" " tag="042"><subfield code="a">pcc</subfield></datafield><datafield ind1="0" ind2="0" tag="050"><subfield code="a">QR41.2</subfield><subfield code="b">.B383 2015</subfield></datafield><datafield ind1="0" ind2="0" tag="060"><subfield code="a">2014 D-694</subfield></datafield><datafield ind1="1" ind2="0" tag="060"><subfield code="a">QW 4</subfield></datafield><datafield ind1="0" ind2="0" tag="082"><subfield code="a">579</subfield><subfield code="2">23</subfield></datafield><datafield ind1=" " ind2=" " tag="090"><subfield code="a">QR 41.2 B382 2015</subfield><subfield code="b">AEU</subfield></datafield><datafield ind1="1" ind2=" " tag="100"><subfield code="a">Bauman, Robert W.,</subfield><subfield code="e">author.</subfield></datafield><datafield ind1="1" ind2="0" tag="245"><subfield code="a">Microbiology :</subfield><subfield code="b">with diseases by body system /</subfield><subfield code="c">Robert W. Bauman, Ph. D., Amarillo College ; clinical consultants, Cecily D. Cosby, Ph. D., FNP-C, PA-C, Samuel Merritt College, Janet Fulks, Ed. D., Bakersfield College, John M. Lammert, Gustavus Adolphus College ; contributions by Elizabeth Machunis-Masuoka, Ph. D., University of Virginia, Jean E. Montgomery, Austin Community College.</subfield></datafield><datafield ind1=" " ind2=" " tag="250"><subfield code="a">Fourth edition.</subfield></datafield><datafield ind1=" " ind2="1" tag="264"><subfield code="a">Boston :</subfield><subfield code="b">Pearson,</subfield><subfield code="c">[2015]</subfield></datafield><datafield ind1=" " ind2="4" tag="264"><subfield code="c">&#169;2015</subfield></datafield><datafield ind1=" " ind2=" " tag="300"><subfield code="a">1 volume (various pagings) :</subfield><subfield code="b">illustrations ;</subfield><subfield code="c">28 cm</subfield></datafield><datafield ind1=" " ind2=" " tag="336"><subfield code="a">text</subfield><subfield code="2">rdacontent</subfield></datafield><datafield ind1=" " ind2=" " tag="337"><subfield code="a">unmediated</subfield><subfield code="2">rdamedia</subfield></datafield><datafield ind1=" " ind2=" " tag="338"><subfield code="a">volume</subfield><subfield code="2">rdacarrier</subfield></datafield><datafield ind1="0" ind2=" " tag="505"><subfield code="a">A brief history of microbiology -- The chemistry of microbiology -- Cell structure and function -- Microscopy, staining, and classification -- Microbial metabolism -- Microbial nutrition and growth -- Microbial genetics -- Recombinant DNA technology -- Controlling microbial growth in the environment -- Controlling microbial growth in the body: antimicrobial drugs -- Characterizing and classifying prokaryotes -- Characterizing and classifying eukaryotes -- Characterizing and classifying viruses, viroids, and prions -- Infection, infectious diseases, and epidemiology -- Innate immunity -- Adaptive immunity -- Immunization and immune testing -- AIDS and other immune disorders -- Microbial diseases of the skin and wounds -- Microbial diseases of the nervous system and eyes -- Microbial cardiovascular and systemic diseases -- Microbial diseases of the respiratory system -- Microbial diseases of the digestive system -- Microbial diseases of the urinary and reproductive systems -- Applied and environmental microbiology.</subfield></datafield><datafield ind1=" " ind2=" " tag="596"><subfield code="a">16</subfield></datafield><datafield ind1=" " ind2="0" tag="650"><subfield code="a">Microbiology</subfield><subfield code="v">Textbooks.</subfield></datafield><datafield ind1="1" ind2="2" tag="650"><subfield code="a">Microbiological Phenomena.</subfield></datafield><datafield ind1="2" ind2="2" tag="650"><subfield code="a">Communicable Diseases</subfield><subfield code="x">microbiology.</subfield></datafield><datafield ind1="2" ind2="2" tag="650"><subfield code="a">Microbiological Techniques</subfield><subfield code="v">methods.</subfield></datafield><datafield ind1=" " ind2=" " tag="926"><subfield code="a">QR 41.2 B382 2015</subfield><subfield code="w">LC</subfield><subfield code="c">1</subfield><subfield code="i">0162035129368</subfield><subfield code="d">4/8/2017</subfield><subfield code="e">11/26/2014</subfield><subfield code="l">ON_SHELF</subfield><subfield code="m">UAAUG</subfield><subfield code="n">1</subfield><subfield code="p">$150.00</subfield><subfield code="r">Y</subfield><subfield code="s">Y</subfield><subfield code="t">BOOK</subfield><subfield code="u">10/28/2014</subfield></datafield></record>